<record xmlns="http://www.loc.gov/MARC21/slim" xmlns:xsi="http://www.w3.org/2001/XMLSchema-instance" xsi:schemaLocation="http://www.loc.gov/MARC21/slim http://www.loc.gov/standards/marcxml/schema/MARC21slim.xsd"><leader>     nam a22        4500</leader><controlfield tag="001">001682942</controlfield><controlfield tag="003">NNU</controlfield><controlfield tag="006">m        d        </controlfield><controlfield tag="007">cr cn |||m|||a</controlfield><controlfield tag="008">150313s1969    iq afh  ob    000 0bara  </controlfield><datafield ind1=" " ind2=" " tag="040"><subfield code="a">NNU</subfield><subfield code="b">eng</subfield><subfield code="c">NNU</subfield></datafield><datafield ind1="0" ind2=" " tag="050"><subfield code="a">PK6451.F4</subfield><subfield code="b">M2836</subfield></datafield><datafield ind1="1" ind2=" " tag="100"><subfield code="a">Qays&#299;, A&#7717;mad N&#257;j&#299;,</subfield><subfield code="d">1919-</subfield></datafield><datafield ind1="1" ind2="0" tag="245"><subfield code="a">A&#7789;&#7789;&#257;rn&#257;mah</subfield><subfield code="h">[electronic resource] :</subfield><subfield code="b">Aw Kit&#257;b Far&#299;d al-D&#299;n al-A&#7789;&#7789;&#257;r al-Nays&#257;b&#363;r&#299; wa Kit&#257;buh "Man&#7789;iq al-&#7788;ayr" /</subfield><subfield code="c">[t&#257;l&#299;f] Ahmad N&#257;j&#299; al-Qays&#299;.</subfield></datafield><datafield ind1="3" ind2=" " tag="246"><subfield code="a">Kit&#257;b Far&#299;d al-D&#299;n al-&#699;A&#7789;&#7789;&#257;r al-N&#299;s&#257;b&#363;r&#299;</subfield></datafield><datafield ind1=" " ind2=" " tag="250"><subfield code="a">[al-Tab&#699;ah 1.]</subfield></datafield><datafield ind1=" " ind2=" " tag="260"><subfield code="a">Baghd&#257;d :</subfield><subfield code="b">Maktabat al-Muthann&#257;,</subfield><subfield code="c">[1969]</subfield></datafield><datafield ind1=" " ind2=" " tag="300"><subfield code="a">online resource (2 v. in 1 (25, 992p.)) :</subfield><subfield code="b">ill., facsims., plates</subfield></datafield><datafield ind1=" " ind2=" " tag="500"><subfield code="a">Added t.p.: Attar nameh, a study of [sic] Farid al-D&#299;n al-Attar al-Naysobur&#299; and his book : Mantiq al-tair, by A.N. al-Qaisi.</subfield></datafield><datafield ind1=" " ind2=" " tag="500"><subfield code="a">Risalat al-Dukt&#363;rah - J&#257;mi&#699;at al-Q&#257;hirah.</subfield></datafield><datafield ind1=" " ind2=" " tag="500"><subfield code="a">Includes abridged translation of Man&#7789;iq al-&#7788;ayr.</subfield></datafield><datafield ind1=" " ind2=" " tag="500"><subfield code="a">Part of the Arabic Collections Online (ACO) project, contributed by New York Univeristy Libraries.</subfield></datafield><datafield ind1=" " ind2=" " tag="504"><subfield code="a">Bibliographical footnotes.</subfield></datafield><datafield ind1=" " ind2=" " tag="533"><subfield code="a">Electronic reproduction.</subfield><subfield code="b">New York, N.Y. :</subfield><subfield code="c">New York University,</subfield><subfield code="d">2015.</subfield><subfield code="5">NNU</subfield></datafield><datafield ind1="1" ind2="0" tag="600"><subfield code="a">&#699;A&#7789;&#7789;&#257;r, Far&#299;d al-D&#299;n,</subfield><subfield code="d">d. ca. 1230.</subfield><subfield code="t">Man&#7789;iq al-&#7789;ayr.</subfield></datafield><datafield ind1="1" ind2=" " tag="700"><subfield code="a">&#699;A&#7789;&#7789;&#257;r, Far&#299;d al-D&#299;n,</subfield><subfield code="d">d. ca. 1230.</subfield><subfield code="t">Man&#7789;iq al-&#7789;ayr.</subfield></datafield><datafield ind1="2" ind2=" " tag="710"><subfield code="a">New York University.</subfield><subfield code="b">Libraries.</subfield></datafield><datafield ind1="0" ind2=" " tag="730"><subfield code="a">Arabic Collections Online.</subfield></datafield><datafield ind1="0" ind2="8" tag="776"><subfield code="i">Print version:</subfield><subfield code="a">Qays&#299;, A&#7717;mad N&#257;j&#299;, 1919-</subfield><subfield code="t">A&#7789;&#7789;&#257;rn&#257;mah</subfield><subfield code="w">(NNU)001682942</subfield><subfield code="w">(DLC)77255835 //r80</subfield></datafield><datafield ind1="4" ind2="0" tag="856"><subfield code="u">http://hdl.handle.net/2333.1/m37pvpqt</subfield></datafield><datafield ind1=" " ind2=" " tag="959"><subfield code="a">NNU</subfield><subfield code="b">WEB</subfield><subfield code="c">GENI</subfield><subfield code="t">0</subfield><subfield code="m">Electronic access</subfield><subfield code="s">01</subfield></datafield><datafield ind1=" " ind2=" " tag="999"><subfield code="i">NNU_001682942</subfield><subfield code="s">nyu_aco000592</subfield><subfield code="e">(ERROR-880)</subfield></datafield></record>